% ГОСТ Р 7.0.11-2011, Приложение Б, Книги
@BOOK{Sychev,
  author = {Сычёв, М. С.},
  title = {История Астраханского казачьего войска : учебное пособие},
  address = {Астрахань},
  publisher = {Волга},
  year = {2009},
  numpages = {231},
  language = {russian}
}

@BOOK{Sokolov,
  author = {Соколов, А. Н. and Сердобинцев, К. С.},
  editor = {Бочарова, В. М.},
  address = {Астрахань},
  publisher = {Калиниградский ЮИ МВД России},
  title = {Гражданское общество: проблемы формирования и развития (философский и юридический аспекты) : монография},
  year = {2009},
  numpages = {218},
  language = {russian}
}

@BOOK{Gaidaenko,
  author = {Гайдаенко, Т. А.},
  title = {Маркетинговое управление: принципы управленческих решений и российская практика},
  edition = {{}3-е изд, перераб. и доп.},
  address = {М.},
  publisher = {Эксмо: МИРБИС},
  year = {2008},
  numpages = {508},
  language = {russian}
}

@BOOK{Lermontov,
  author = {Лермонтов, Михаил Юрьевич},
  title = {Собрание сочинений: в 4 т.},
  address = {М.},
  publisher = {Терра-Кн. клуб},
  year = {2009},
  note = {4 т.},
  language = {russian}
}

@BOOK{Management,
  title = {Управление бизнесом : сборник статей},
  address = {Нижний новгород},
  publisher = {Изд-во Нижегородского университета},
  year = {2009},
  numpages = {243},
  language = {russian}
}

@BOOK{Borozda,
  author = {Борозда, И. В. and Воронин, Н. И. and Бушманов, А. В.},
  title = {Лечение сочетанных повреждений таза},
  address = {Владивосток},
  publisher = {Дальнаука},
  year = {2009},
  numpages = {195},
  language = {russian}
}

@BOOK{Marketing,
  author = {Михненков, О. В. and Коготкова, И. З. and Генкин, Е. В. and Сороко, Г. Я.},
  title = {Маркетинговые исследования в строительстве : учебное пособие для студентов специальности «Менеджмент организаций»},
  address = {М.},
  publisher = {Государственный университет управления},
  year = {2005},
  numpages = {59},
  language = {russian}
}

% ГОСТ Р 7.0.11-2011, Приложение Б, Нормативные правовые акты
@BOOK{Constitution,
  title = {Конституция Российской Федерации : офиц. текст.},
  address = {М.},
  publisher = {Маркетинг},
  year = {2001},
  numpages = {39},
  language = {russian}
}

@BOOK{FamilyCode,
  title = {Семейный кодекс Российской Федерации : [федер. закон: принят Гос. Думой 8 дек. 1995~г. : по состоянию на 3~янв. 2001~г.]},
  address = {СПб.},
  publisher = {Стаун-кантри},
  year = {2001},
  numpages = {94},
  language = {russian}
}

% ГОСТ Р 7.0.11-2011, Приложение Б, Стандарты
@BOOK{Gost.7.0.53,
  title = {ГОСТ Р 7.0.53-2007 Система стандартов по информации, библиотечному и издательскому делу. Издания. Международный стандартный книжный номер. Использование и издательское оформление.},
  address = {М.},
  publisher = {Стандартинформ},
  year = {2007},
  numpages = {5},
  language = {russian}
}

% ГОСТ Р 7.0.11-2011, Приложение Б, Депонированные научные работы
@BOOK{Razumovski,
  author = {Разумовский, В. А. and Андреев, Д. А.},
  title = {Управление маркетинговыми исследованиями в регионе},
  address = {М.},
  year = {2002},
  numpages = {210},
  note = {Деп. в ИНИОН Рос. акад. наук 15.02.02, № 139876},
  language = {russian}
}

% ГОСТ Р 7.0.11-2011, Приложение Б, Диссертации
@BOOK{Lagkueva,
  author = {Лагкуева, Ирина Владимировна},
  title = {Особенности регулирования труда творческих работников театров : дис. ... канд. юрид. наук : 12.00.05},
  address = {М.},
  year = {2009},
  numpages = {168},
  language = {russian}
}

@BOOK{Pokrovski,
  author = {Покровский, Андрей Владимирович},
  title = {Устранимые особенности решений эллиптических уравнений : дис. ... д-ра физ.-мат. наук : 01.01.01},
  address = {М.},
  year = {2008},
  numpages = {178},
  language = {russian}
}

% ГОСТ Р 7.0.11-2011, Приложение Б, Авторефераты диссертаций
@BOOK{Sirotko,
  author = {Сиротко, Владимир Викторович},
  title = {Медико-социальные аспекты городского травматизма в современных условиях : автореф. дис. ... канд. мед. наук : 14.00.33},
  address = {М.},
  year = {2006},
  numpages = {26},
  language = {russian}
}

% !!! этот пример НЕ работает с bibtex
% Тот же пример, с использованием https://www.ctan.org/pkg/biblatex-gost
@THESIS{Sirotko2,
  author =       {Сиротко, Владимир Викторович},
  title =        {Медико-социальные аспекты городского травматизма в современных условиях},
  media =        {text},
  type =         {phdautoref},
  science =      {мед. наук},
  specialitycode ={14.00.33},
  address =      {М.},
  year =         {2006},
  pagetotal =    {26},
  language =     {russian},
}

@BOOK{Lukina,
  author = {Лукина, Валентина Александровна},
  title = {Творческая история «Записок охотника» И. С. Тургенева : автореф. дис. ... канд. филол. наук : 10.01.01},
  address = {СПб.},
  year = {2006},
  numpages = {26},
  language = {russian}
}

% !!! этот пример НЕ работает с bibtex
% Тот же пример, с использованием https://www.ctan.org/pkg/biblatex-gost
@THESIS{Lukina2,
  author =       {Лукина, Валентина Александровна},
  title =        {Творческая история «Записок охотника» И. С. Тургенева},
  media =        {text},
  type =         {phdautoref},
  science =      {филол. наук},
  specialitycode ={10.01.01},
  address =      {СПб.},
  year =         {2006},
  pagetotal =    {26},
  language =     {russian},
}

% ГОСТ Р 7.0.11-2011, Приложение Б, Отчёты о научно-исследовательской работе
@BOOK{Methodology,
  author = {Загорюев, А. Л.},
  title = {Методология и методы изучения военно-профессиональной направленности подростков : отчёт о НИР},
  address = {Екатеринбург},
  institution = {Уральский институт практической психологии},
  year = {2008},
  numpages = {102},
  language = {russian}
}

% ГОСТ Р 7.0.11-2011, Приложение Б, Электронные ресурсы
@BOOK{Encyclopedia,
  title = {Художественная энциклопедия зарубежного классического искусства [Электронный ресурс]},
  address = {М.},
  publisher = {Большая Рос. энкцикл.},
  year = {1996},
  note = {1 электрон. опт. диск (CD-ROM)},
  language = {russian}
}

% !!! этот пример НЕ работает с bibtex
% Тот же пример, с использованием https://www.ctan.org/pkg/biblatex-gost
@BOOK{Encyclopedia2,
  title = {Художественная энциклопедия зарубежного классического искусства},
  address = {М.},
  media = {eresource},
  publisher = {Большая Рос. энкцикл.},
  year = {1996},
  note = {1 электрон. опт. диск (CD-ROM)},
  language = {russian},
}

@ARTICLE{Nasirova,
  author =       {Насырова, Г. А.},
  title =        {Модели государственного регулирования страховой деятельности
                  [Электронный ресурс]},
  journal =      {Вестник Финансовой академии},
  year =         {2003},
  number =       {4},
  note =         {Режим доступа: http://vestnik.fa.ru/4(28)2003/4.html},
  language =     {russian}
}

@ARTICLE{Nasirova2,
  author = {Насырова, Г. А.},
  title = {Модели государственного регулирования страховой деятельности},
  journal = {Вестник Финансовой академии},
  year = {2003},
  media = {eresource},
  number = {4},
  note = {Режим доступа: http://vestnik.fa.ru/4(28)2003/4.html},
  language = {russian}
}

% ГОСТ Р 7.0.11-2011, Приложение Б, Статьи

@ARTICLE{Berestova,
  author = {Берестова, Т. Ф.},
  title = {Поисковые инструменты библиотеки},
  journal = {Библиография},
  year = {2006},
  number = {4},
  pages = {19},
  language = {russian}
}

@ARTICLE{Kriger,
  author = {Кригер, И.},
  title =  {Бумага терпит},
  journal = {Новая газета},
  year = {2009},
  note = {1 июля},
  language = {russian}
}


% Examples from https://verbosus.com/bibtex-style-examples.html
@ARTICLE{Article,
  author   = {Peter Adams},
  title    = {The title of the work},
  journal  = {The name of the journal},
  year     = {1993},
  number   = {2},
  pages    = {201-213},
  month    = {7},
  note     = {An optional note},
  volume   = {4},
  language = {english}
}

@BOOK{Book,
  author    = {Peter Babington},
  title     = {The title of the work},
  publisher = {The name of the publisher},
  year      = {1993},
  volume    = {4},
  series    = {10},
  address   = {The address},
  edition   = {3},
  month     = {7},
  note      = {An optional note},
  isbn      = {3257227892},
  language  = {english}
}

@BOOKLET{Booklet,
  title        = {The title of the work},
  author       = {Peter Caxton},
  howpublished = {How it was published},
  address      = {The address of the publisher},
  month        = {7},
  year         = {1993},
  note         = {An optional note},
  language     = {english}
}

@CONFERENCE{Conference,
  author       = {Peter Draper},
  title        = {The title of the work},
  booktitle    = {The title of the book},
  year         = {1993},
  editor       = {The editor},
  volume       = {4},
  series       = {5},
  pages        = {213},
  address      = {The address of the publisher},
  month        = {7},
  organization = {The organization},
  publisher    = {The publisher},
  note         = {An optional note},
  language     = {english}
}

@INBOOK{Inbook,
  author       = {Peter Eston},
  title        = {The title of the work},
  booktitle    = {Book title},
  chapter      = {8},
  pages        = {201-213},
  publisher    = {The name of the publisher},
  year         = {1993},
  volume       = {4},
  series       = {5},
  address      = {The address of the publisher},
  edition      = {3},
  month        = {7},
  note         = {An optional note},
  language     = {english}
}

@INCOLLECTION{Incollection,
  author       = {Peter Farindon},
  title        = {The title of the work},
  booktitle    = {The title of the book},
  publisher    = {The name of the publisher},
  year         = {1993},
  editor       = {The editor},
  volume       = {4},
  series       = {5},
  chapter      = {8},
  pages        = {201-213},
  address      = {The address of the publisher},
  edition      = {3},
  month        = {7},
  note         = {An optional note},
  language     = {english}
}

@MANUAL{Manual,
  title        = {The title of the work},
  author       = {Peter Gainsford},
  organization = {The organization},
  address      = {The address of the publisher},
  edition      = {3},
  month        = {7},
  year         = {1993},
  note         = {An optional note},
  language     = {english}
}

@MASTERSTHESIS{Mastersthesis,
  author       = {Peter Harwood},
  title        = {The title of the work},
  school       = {The school where the thesis was written},
  year         = {1993},
  address      = {The address of the publisher},
  month        = {7},
  note         = {An optional note},
  language     = {english}
}

@MISC{Misc,
  author       = {Peter Isley},
  title        = {The title of the work},
  howpublished = {How it was published},
  month        = {7},
  year         = {1993},
  note         = {An optional note},
  language     = {english}
}

@PHDTHESIS{Phdthesis,
  author       = {Peter Joslin},
  title        = {The title of the work},
  school       = {The school where the thesis was written},
  year         = {1993},
  address      = {The address of the publisher},
  month        = {7},
  note         = {An optional note},
  language     = {english}
}

@PROCEEDINGS{Proceedings,
  title        = {The title of the work},
  year         = {1993},
  editor       = {Peter Kidwelly},
  volume       = {4},
  series       = {5},
  address      = {The address of the publisher},
  month        = {7},
  organization = {The organization},
  publisher    = {The name of the publisher},
  note         = {An optional note},
  language     = {english}
}

@TECHREPORT{Techreport,
  author       = {Peter Lambert},
  title        = {The title of the work},
  institution  = {The institution that published},
  year         = {1993},
  number       = {2},
  address      = {The address of the publisher},
  month        = {7},
  note         = {An optional note},
  language     = {english}
}

@UNPUBLISHED{Unpublished,
  author       = {Peter Marcheford},
  title        = {The title of the work},
  note         = {An optional note},
  month        = {7},
  year         = {1993},
  language     = {english}
}

%%% Реальные примеры

% Инициалы должны быть записаны после запятой, с точками, через пробел
% http://www.kit-e.ru/articles/elcomp/2006_12_124.php
% Подчёркивания в ссылке приходится экранировать
% http://www.kit-e.ru/articles/elcomp/2006\_12\_124.php
@online{medvedev2006jelektronnye,
  title={Электронные компоненты и монтажные подложки},
  author={Медведев, А. М.},
  journal={Компоненты и технологии},
  number={12},
  pages={124--134},
  year={2006},
  medium={Электронный ресурс},
  url = {http://www.kit-e.ru/articles/elcomp/2006\_12\_124.php},
  urldate = {19.01.2015},
  language = {russian}
}

% Real example
% & в названии журнала надо экранировать
% 10.1002/1521-4125(200007)23:7<581::AID-CEAT581>3.0.CO;2-P
% < > в ссылке приходится экранировать %3C и %3E, а потом ещё знаки процента в них экранировать
% 10.1002/1521-4125(200007)23:7%3C581::AID-CEAT581%3E3.0.CO;2-P
% 10.1002/1521-4125(200007)23:7\%3C581::AID-CEAT581\%3E3.0.CO;2-P
% url не нужен. если запись о бумажной публикации
@article {CEAT:CEAT581,
  author = {Deiters, U. K.},
  title = {A Modular Program System for the Calculation of Thermodynamic Properties of Fluids},
  journal = {Chemical Engineering \& Technology},
  volume = {23},
  number = {7},
  publisher = {WILEY-VCH Verlag},
  issn = {1521-4125},
  doi = {10.1002/1521-4125(200007)23:7<581::AID-CEAT581>3.0.CO;2-P},
  pages = {581--584},
  year = {2000},
  language = {english}
}

% Real with  4 authors
@article{doi:10.1080/01932691.2010.513279,
  author = {Young-Sang Cho and Young Kuk Kim and Kook Chae Chung and Chul Jin Choi },
  title = {Deformation of Colloidal Crystals for Photonic Band Gap Tuning},
  journal = {Journal of Dispersion Science and Technology},
  volume = {32},
  number = {10},
  pages = {1408-1415},
  year = {2011},
  doi = {10.1080/01932691.2010.513279},
  language = {english}
}

% doi with (), author with umlaut or other unicode or specific symbols, 9 authors
% latex don't like Gösele1999161 in ref
% Умляуты в авторах понимаются из-за поддержки в юникодной странице pdflatex и xelatex
% Иллюстрация того, что будет. если на английской записи будут поставлена пометка, что язык русский
@article{Gosele1999161,
  title = "Wafer bonding for microsystems technologies",
  journal = "Sensors and Actuators A: Physical",
  volume = "74",
  number = "1–3",
  pages = "161 - 168",
  year = "1999",
  issn = "0924-4247",
  doi = "10.1016/S0924-4247(98)00310-0",
  author = "Gösele, U. and Tong, Q.-Y. and Schumacher, A. and Kräuter, G. and Reiche, M. and Plößl, A. and Kopperschmidt, P. and Lee, T.-H. and Kim, W.-J.",
  keywords = "Wafer bonding",
  keywords = "Fusion bonding",
  keywords = "Pressure sensors",
  keywords = "Interface reactions",
  keywords = "Hydrophilic bonding",
  keywords = "Hydrophobic bonding",
  language = {russian}
}

% Real example (from Google or Springer)
% unmodified styles don't know %language = {English}
% язык писать с маленьких
% иллюстрация incollection
% 10.1007/0-387-32989-7_45
% Подчёркивания в DOI приходится экранировать
% 10.1007/0-387-32989-7\_45
@incollection{Li2007StressAnalysis,
  year={2007},
  isbn={978-0-387-27974-9},
  booktitle={Micro- and Opto-Electronic Materials and Structures: Physics, Mechanics, Design, Reliability, Packaging},
  editor={Suhir, E. and Lee, Y. C. and Wong, C. P.},
  doi={10.1007/0-387-32989-7_45},
  title={Stress Analysis for Processed Silicon Wafers and Packaged Micro-devices},
  publisher={Springer US},
  author={Li, Li and Guo, Yifan and Zheng, Dawei},
  pages={B677-B709},
  language={english}
}

% Real, β sign
% inputenc don't know β sign %aluminosilicate-β-quartz
% Знаки типа β, которые не знает таблица кодировки, с которой работает компилятор нужно заменять на latex команды
% doi должен быть без http://dx.doi.org/
@article{Shoji199895,
title = "Low-temperature anodic bonding using lithium aluminosilicate-\(\beta\)-quartz glass ceramic",
journal = "Sensors and Actuators A: Physical",
volume = "64",
number = "1",
pages = "95 - 100",
year = "1998",
note = "Tenth {IEEE} International Workshop on Micro Electro Mechanical Systems ",
issn = "0924-4247",
doi = "10.1016/S0924-4247(97)01659-2",
author = {Shuichi Shoji and Hiroto Kikuchi and Hirotaka Torigoe},
keywords = "Anodic bonding",
keywords = "Low-temperature bonding",
keywords = "Micro assembly",
keywords = "Micro package",
keywords = "Glass ceramic",
}


% from urlbst package
% Example from Jason Eisner, by mail (nothing special about the entry,
% but he seemed to be having formatting problems with unsrturl and proceedings
% entries.
% http://cs.jhu.edu/~jason/papers/#icassp07
@InProceedings{test:eisner-sample,
  author =       {Damianos Karakos and Sanjeev Khudanpur and Jason
                  Eisner and Carey~E. Priebe},
  title =        {Iterative denoising using {J}ensen-{R}enyi
                  divergences with an application to unsupervised
                  document categorization},
  booktitle =    {Proceedings of ICASSP},
  year =         2007,
  url =          {http://cs.jhu.edu/~jason/papers/\#icassp07}
}

@InProceedings{test:eisner-sample-shorted,
  author =       {Damianos Karakos and Sanjeev Khudanpur and Jason
                  Eisner and Carey~E. Priebe},
  title =        {Iterative denoising using {J}ensen-{R}enyi
                  divergences with an application to unsupervised
                  document categorization},
  booktitle =    {Proceedings of ICASSP},
  shortbooktitle = {Proc. of ICASSP},
  year =         2007,
  url =          {http://cs.jhu.edu/~jason/papers/\#icassp07}
}

% Попытка записать патент имеющимися средствами
@Book{iofis_patent1960,
  title                    = {Способ пайки керамики с~керамикой и~стекла с~металлом : а.\,с.~126728 СССР},
  author                   = {Иофис, Н. А.},
  year                     = {1960},
  numpages                 = {Бюл. № 5.~1},
  language                 = {russian}
}

% Попытка записать патент имеющимися средствами
@Book{AB_patent_Pomerantz_1968,
  title                    = {Anodic bonding : patent no. 3397278 US},
  author                   = {Pomerantz, D. I.},
  year                     = {1968},
  language                 = {english}
}

% !!! этот пример НЕ работает с bibtex
% Примеры оформления патентов из пакета https://www.ctan.org/pkg/biblatex-gost
@Patent{patent2h,
  heading =      {Заявка 1095735 Рос. федерация, МПК\ensuremath{^7} B 64 G 1/00},
  author =       {Тернер, Э. В.},
  authortype =   {США},
  title =        {Одноразовая ракета-носитель},
  media =        {text},
  holder =       {{заявитель Спейс Системз/Лорал, инк.}},
  credits =      {патент. поверенный Егорова Г. Б.},
  reqnumber =    {2000108705/28},
  date =         {2000-04-07},
  publdate =     {2001-03-10},
  publication =  {Бюл. № 7 (I ч.)\midsentence},
  prdate =       {1999-04-09},
  prnumber =     {09/289, 037},
  prcountry =    {countryus},
  pagetotal =    {5 с.~: ил.},
  language =     {russian},
}

@Patent{patent3h,
  heading =      {А. с. 1007970 СССР, МКИ\ensuremath{^3} В 25.1 15/00},
  author =       {В. С. Ваулин and В. Г. Кемайкин},
  authortype =   {СССР},
  title =        {Устройство для захвата неориентированных деталей типа валов},
  media =        {text},
  reqnumber =    {3360585/25-08},
  date =         {1981-11-23},
  publication =  {Бюл. № 12},
  publdate =     {1983-03-30},
  pagetotal =    {2 с.~: ил.},
  language =     {russian},
}

@Patent{patent2,
  author =       {Тернер, Э. В.},
  authortype =   {США},
  title =        {Одноразовая ракета-носитель},
  media =        {text},
  type =         {patreq},
  number =       1095735,
  location =     {countryru},
  ipc =          {МПК\ensuremath{^7} B 64 G 1/00},
  holder =       {{заявитель Спейс Системз/Лорал, инк.}},
  credits =      {патент. поверенный Егорова Г. Б.},
  reqnumber =    {2000108705/28},
  date =         {2000-04-07},
  publdate =     {2001-03-10},
  publication =  {Бюл. № 7 (I ч.)\midsentence},
  prioritydate = {1999-04-09},
  prioritynumber ={09/289, 037},
  prioritycountry ={countryus},
  pagetotal =    {5 с.~: ил.},
  language =     {russian},
}

@article{ftt2017,
  title = {Модификация электронной структуры графена интеркаляцией атомов железа и кремния},
  author = {Пронин И. И., Дунаевский С.М., Лобанова Е.Ю., Михайленко Е.К.},
  journal = {ФТТ},
  volume = {51},
  issue = {10},
  pages = {2037},
  year = {2017},
  month = {сент},
  doi = {10.21883/FTT.2017.10.44977.130},
  url = {http://journals.ioffe.ru/articles/44977}
}

@article{PhysRevB.94.245421,
  title = {Graphene/SiC(0001) interface structures induced by Si intercalation and their influence on electronic properties of graphene},
  author = {Visikovskiy, Anton and Kimoto, Shin-ichi and Kajiwara, Takashi and Yoshimura, Masamichi and Iimori, Takushi and Komori, Fumio and Tanaka, Satoru},
  journal = {Phys. Rev. B},
  volume = {94},
  issue = {24},
  pages = {245421},
  numpages = {10},
  year = {2016},
  month = {Dec},
  publisher = {American Physical Society},
  doi = {10.1103/PhysRevB.94.245421},
  url = {https://link.aps.org/doi/10.1103/PhysRevB.94.245421}
}


@article{0953-8984-29-46-465901,
author = {Giannozzi, P and Andreussi, O and Brumme, T and Bunau, O and Nardelli, M Buongiorno and Calandra, M and Car, R and Cavazzoni at al},
journal = {Journal of Physics: Condensed Matter},
number = {46},
pages = {465901},
title = {{Advanced capabilities for materials modelling with Q uantum ESPRESSO}},
url = {http://stacks.iop.org/0953-8984/29/i=46/a=465901},
volume = {29},
year = {2017}
}



@article{ab_initio_stm,
author = {Veuillen, J.-Y. and Hiebel, F. and Magaud, L. and Mallet, P. and Varchon, F.},
doi = {101088/0022-3727/43/37/374008},
journal = {Journal of Physics D, Applied Physics},
number = {37},
pages = {15},
title = {Interface structure of graphene on SiC: an ab initio and STM approach},
url = {http://dx.doi.org/101088/0022-3727/43/37/374008},
volume = {43(37)},
year = {2010}
}
@article{AGRAWAL2013102,
title = "Symmetry breaking in graphene layers on SiC-substrate—an ab-initio study",
journal = "Physica E: Low-dimensional Systems and Nanostructures",
volume = "50",
pages = "102 - 107",
year = "2013",
issn = "1386-9477",
doi = "https://doi.org/10.1016/j.physe.2013.03.009",
url = "http://www.sciencedirect.com/science/article/pii/S1386947713000684",
author = "B.K. Agrawal and S. Agrawal",
keywords = "Graphene, SiC substrate, Band gap, Dirac point"
}

@article{PhysRevB.77.155303,
  title = {Interaction, growth, and ordering of epitaxial graphene on SiC{0001} surfaces: A comparative photoelectron spectroscopy study},
  author = {Emtsev, K. V. and Speck, F. and Seyller, Th. and Ley, L. and Riley, J. D.},
  journal = {Phys. Rev. B},
  volume = {77},
  issue = {15},
  pages = {155303},
  numpages = {10},
  year = {2008},
  month = {Apr},
  publisher = {American Physical Society},
  doi = {10.1103/PhysRevB.77.155303},
  url = {https://link.aps.org/doi/10.1103/PhysRevB.77.155303}
}
@Article{Gomoyunova2010,
author="Gomoyunova, M. V.
and Pronin, I. I.",
title="Binding energy of silicon 2p electrons in iron silicides",
journal="Technical Physics",
year="2010",
month="Apr",
day="01",
volume="55",
number="4",
pages="588--590",
abstract="Experimental data for the binding energies of Si 2p electrons in a number of stable and metastable iron silicides are analyzed and generalized. The silicides are applied on the Si(100)2 {\texttimes} 1 and Si(111)7 {\texttimes} 7 reconstructed single-crystal faces with solid-phase epitaxy. Core electron spectra are taken by means of high-energy-resolution photoelectron spectroscopy using synchrotron radiation. It is shown that the binding energies of Si 2p electrons in stable silicides, as well as in the silicon-iron solid solution, increase with increasing silicon content in them, since the role of interatomic relaxation in photoelectron excitation events grows feeble.",
issn="1090-6525",
doi="10.1134/S1063784210040286",
url="https://doi.org/10.1134/S1063784210040286"
}



@Article{Davydov2017,
author="Davydov, V. Yu.
and Usachov, D. Yu.
and Lebedev, S. P.
and Smirnov, A. N.
and Levitskii, V. S.
and Eliseyev, I. A.
and Alekseev, P. A.
and Dunaevskiy, M. S.
and Vilkov, O. Yu.
and Rybkin, A. G.
and Lebedev, A. A.",
title="Study of the crystal and electronic structure of graphene films grown on 6H-SiC (0001)",
journal="Semiconductors",
year="2017",
month="8",
day="01",
volume="51",
number="8",
pages="1072--1080",
abstract="The structural, chemical, and electronic properties of epitaxial graphene films grown by thermal decomposition of the Si-face of a semi-insulating 6H-SiC substrate in an argon environment are studied by Raman spectroscopy, atomic-force microscopy, the low-energy electron diffraction method, X-ray photoelectron spectroscopy, angle-resolved photoemission spectroscopy and X-ray absorption spectroscopy at the carbon K edge. It is shown that the results of a systematic integrated study make it possible to optimize the growth parameters and develop a reliable technology for the growth of high-quality single-layer graphene films with a small fraction of bilayer graphene inclusions.",
issn="1090-6479",
doi="10.1134/S1063782617080073",
url="https://doi.org/10.1134/S1063782617080073"
}


	
@article{PhysRevLett.105.085502,
  title = {Epitaxial Graphene on SiC(0001): More than Just Honeycombs},
  author = {Qi, Y. and Rhim, S. H. and Sun, G. F. and Weinert, M. and Li, L.},
  journal = {Phys. Rev. Lett.},
  volume = {105},
  issue = {8},
  pages = {085502},
  numpages = {4},
  year = {2010},
  month = {Aug},
  publisher = {American Physical Society},
  doi = {10.1103/PhysRevLett.105.085502},
  url = {https://link.aps.org/doi/10.1103/PhysRevLett.105.085502}
}









@article{doi:10.1021/acs.nanolett.7b00509,
author = {N. Nair, Maya and Palacio, Irene and Celis, Arlensiú and Zobelli, Alberto and Gloter, Alexandre and Kubsky, Stefan and Turmaud, Jean-Philippe and Conrad, Matthew and Berger, Claire and de Heer, Walter and Conrad, Edward H. and Taleb-Ibrahimi, Amina and Tejeda, Antonio},
title = {Band Gap Opening Induced by the Structural Periodicity in Epitaxial Graphene Buffer Layer},
journal = {Nano Letters},
volume = {17},
number = {4},
pages = {2681-2689},
year = {2017},
doi = {10.1021/acs.nanolett.7b00509},
    note ={PMID: 28345926},

URL = { 
        https://doi.org/10.1021/acs.nanolett.7b00509
    
},
eprint = { 
        https://doi.org/10.1021/acs.nanolett.7b00509}
}

@article{16,
author = {Vu, A D and Coraux, J and Chen, G and N'Diaye, A T and Schmid, A K and Rougemaille, N},
journal = {Scientific Reports},
month = {apr},
pages = {24783},
publisher = {The Author(s)},
title = {{Unconventional magnetisation texture in graphene/cobalt hybrids}},
url = {http://dx.doi.org/10.1038/srep24783 http://10.0.4.14/srep24783 https://www.nature.com/articles/srep24783{\#}supplementary-information},
volume = {6},
year = {2016}
}
@article{5,
author = {Kozlov, Sergey M and Vi{\~{n}}es, Francesc and G{\"{o}}rling, Andreas},
doi = {10.1021/jp210667f},
journal = {The Journal of Physical Chemistry C},
number = {13},
pages = {7360--7366},
title = {{Bonding Mechanisms of Graphene on Metal Surfaces}},
url = {http://dx.doi.org/10.1021/jp210667f},
volume = {116},
year = {2012}
}
@article{24,
author = {Dedkov, Yuriy and Klesse, Wolfgang and Becker, Andreas and Sp{\"{a}}th, Florian and Papp, Christian and Voloshina, Elena},
doi = {https://doi.org/10.1016/j.carbon.2017.05.068},
issn = {0008-6223},
journal = {Carbon},
keywords = { ARPES, DFT, Intercalation, STM, XPS,Graphene},
number = {Supplement C},
pages = {10--16},
title = {{Decoupling of graphene from Ni(111) via formation of an interfacial NiO layer}},
url = {http://www.sciencedirect.com/science/article/pii/S0008622317305250},
volume = {121},
year = {2017}
}

@article{4,
author = {Попова (Рыбкина), А.А. and Шикин, А.М. and Марченко, Д.Е. and Рыбкин, А.Г. and Вилков, О.Ю. and Макарова, А.А. and Варыхалов, А.Ю. and Радер, О},
journal = {ФТТ},
pages = {2409},
title = {Роль ковалентного взаимодействия в формировании электронной структуры графена на поверхности Ni(111) с интеркалированными слоями Au и Cu},
volume = {12},
year = {2011}
}

@article{20,
abstract = {The electronic structure and magnetic properties of the graphene/Fe/Ni(111) system were investigated via combination of the density functional theory calculations and electron-spectroscopy methods. This system was prepared via intercalation of thin Fe layers (1 ML) underneath graphene on Ni(111) and its inert properties were verified by means of photoelectron spectroscopy. Intercalation of iron in the space between graphene and Ni(111) changes drastically the magnetic response from the graphene layer that is explained by the formation of the highly spin-polarized 3dz2 quantum-well state in the thin iron layer.},
author = {Weser, M and Voloshina, E N and Horn, K and Dedkov, Yu. S},
doi = {10.1039/C1CP00014D},
journal = {Phys. Chem. Chem. Phys.},
number = {16},
pages = {7534--7539},
publisher = {The Royal Society of Chemistry},
title = {{Electronic structure and magnetic properties of the graphene/Fe/Ni(111) intercalation-like system}},
url = {http://dx.doi.org/10.1039/C1CP00014D},
volume = {13},
year = {2011}
}
@article{15,
author = {Coraux, Johann and N'Diaye, Alpha T and Rougemaille, Nicolas and Vo-Van, Chi and Kimouche, Amina and Yang, Hong-Xin and Chshiev, Mairbek and Bendiab, Nedjma and Fruchart, Olivier and Schmid, Andreas K},
doi = {10.1021/jz3007222},
journal = {The Journal of Physical Chemistry Letters},
number = {15},
pages = {2059--2063},
title = {{Air-Protected Epitaxial Graphene/Ferromagnet Hybrids Prepared by Chemical Vapor Deposition and Intercalation}},
url = {http://dx.doi.org/10.1021/jz3007222},
volume = {3},
year = {2012}
}
@article{9,
abstract = {This manuscript presents the general approach to the understanding of the connection between bonding mechanism and electronic structure of graphene on metals. To demonstrate its validity, two limiting cases of ‘weakly' and ‘strongly' bonded graphene on Al(111) and Ni(111) are considered, where the Dirac cone is preserved or fully destroyed, respectively. Furthermore, the electronic structure, i.e. doping level, hybridization effects, as well as a gap formation at the Dirac point of the intermediate system, graphene/Cu(111), is fully understood in the framework of the proposed approach. This work summarises the long-term debates regarding connection of the bonding strength and the valence band modification in the graphene/metal systems and paves a way for the effective control of the electronic states of graphene in the vicinity of the Fermi level.},
author = {Voloshina, E N and Dedkov, Yu S},
journal = {Materials Research Express},
number = {3},
pages = {35603},
title = {{General approach to understanding the electronic structure of graphene on metals}},
url = {http://stacks.iop.org/2053-1591/1/i=3/a=035603},
volume = {1},
year = {2014}
}
@article{21,
annote = {PMID: 25734657},
author = {Usachov, Dmitry and Fedorov, Alexander and Otrokov, Mikhail M and Chikina, Alla and Vilkov, Oleg and Petukhov, Anatoly and Rybkin, Artem G and Koroteev, Yury M and Chulkov, Evgueni V and Adamchuk, Vera K and Gr{\"{u}}neis, Alexander and Laubschat, Clemens and Vyalikh, Denis V},
doi = {10.1021/nl504693u},
journal = {Nano Letters},
number = {4},
pages = {2396--2401},
title = {{Observation of Single-Spin Dirac Fermions at the Graphene/Ferromagnet Interface}},
url = {http://dx.doi.org/10.1021/nl504693u},
volume = {15},
year = {2015}
}
@article{23,
author = {{G.S. Grebenyuk, O.Yu. Vilkov, A.G. Rybkin, M.V. Gomoyunova, B.V. Senkovski, D.Yu. Usachov, D.V. Vyalikh, S.L. Molodtsov}, I.I. Pronin},
doi = {https://doi.org/10.1016/j.apsusc.2016.09.103},
journal = {Applied Surface Science},
pages = {715--722},
title = {{Intercalation synthesis of graphene-capped iron silicide atop Ni(111): Evolution of electronic structure and ferromagnetic ordering}},
volume = {392},
year = {2017}
}
@article{8,
abstract = {Graphene–metal interface as one of the interesting graphene-based objects attracts much attention from both application and fundamental science points of view. This paper gives a timely review of the recent experimental works on the growth and the electronic properties of the graphene–metal interfaces. This work makes a link between huge amount of experimental and theoretical data allowing one to understand the influence of the metallic substrate on the electronic properties of a graphene overlayer and how its properties can be modified in a controllable way. The further directions of studies and applications of the graphene–metal interfaces are discussed.},
author = {Dedkov, Yuriy and Voloshina, Elena},
journal = {Journal of Physics: Condensed Matter},
number = {30},
pages = {303002},
title = {{Graphene growth and properties on metal substrates}},
url = {http://stacks.iop.org/0953-8984/27/i=30/a=303002},
volume = {27},
year = {2015}
}
@article{26,
author = {Kohn, W and Sham, L J},
doi = {10.1103/PhysRev.140.A1133},
journal = {Phys. Rev.},
number = {4A},
pages = {A1133----A1138},
publisher = {American Physical Society},
title = {{Self-Consistent Equations Including Exchange and Correlation Effects}},
url = {https://link.aps.org/doi/10.1103/PhysRev.140.A1133},
volume = {140},
year = {1965}
}
@article{14,
author = {Rougemaille, N and N'Diaye, A T and Coraux, J and Vo-Van, C and Fruchart, O and Schmid, A K},
doi = {10.1063/1.4749818},
journal = {Applied Physics Letters},
number = {14},
pages = {142403},
title = {{Perpendicular magnetic anisotropy of cobalt films intercalated under graphene}},
url = {https://doi.org/10.1063/1.4749818},
volume = {101},
year = {2012}
}
@article{2,
author = {Novoselov, K S and Geim, A K and Morozov, S V and Jiang, D and Matsnelson, M I and Grigorieva, I V and Dubonos, S V and Firsov, A A},
doi = {10.1038/nature04233},
journal = {Nature},
number = {197},
publisher = {Nature Publishing Group},
title = {{Two-dimensional gas of massless Dirac fermions in graphene}},
url = {http://dx.doi.org/10.1038/nature04233},
volume = {438},
year = {2005}
}
@article{18,
author = {Soares, E A and Abreu, G J P and Carara, S S and Paniago, R and de Carvalho, V E and Chacham, H},
doi = {10.1103/PhysRevB.88.165410},
journal = {Phys. Rev. B},
number = {16},
pages = {165410},
publisher = {American Physical Society},
title = {{Graphene-protected Fe layers atop Ni(111): Evidence for strong Fe-graphene interaction and structural bistability}},
url = {https://link.aps.org/doi/10.1103/PhysRevB.88.165410},
volume = {88},
year = {2013}
}
@article{13,
author = {Nagashima, A and Tejima, N and Oshima, C},
doi = {10.1103/PhysRevB.50.17487},
journal = {Phys. Rev. B},
number = {23},
pages = {17487--17495},
publisher = {American Physical Society},
title = {{Electronic states of the pristine and alkali-metal-intercalated monolayer graphite/Ni(111) systems}},
url = {https://link.aps.org/doi/10.1103/PhysRevB.50.17487},
volume = {50},
year = {1994}
}
@article{17,
author = {Voloshina, E N and Dedkov, Yu. S and Torbrugge, S and Thissen, A and Fonin, M},
doi = {10.1063/1.4729549},
journal = {Applied Physics Letters},
number = {24},
pages = {241606},
title = {{Graphene on Rh(111): Scanning tunneling and atomic force microscopies studies}},
url = {https://doi.org/10.1063/1.4729549},
volume = {100},
year = {2012}
}
@article{11,
author = {Dedkov, Yu. S and Shikin, A M and Adamchuk, V K and Molodtsov, S L and Laubschat, C and Bauer, A and Kaindl, G},
doi = {10.1103/PhysRevB.64.035405},
journal = {Phys. Rev. B},
number = {3},
pages = {35405},
publisher = {American Physical Society},
title = {{Intercalation of copper underneath a monolayer of graphite on Ni(111)}},
url = {https://link.aps.org/doi/10.1103/PhysRevB.64.035405},
volume = {64},
year = {2001}
}
@article{19,
author = {Dedkov, Yu. S and Fonin, M and Rudiger, U and Laubschat, C},
doi = {10.1063/1.2953972},
journal = {Applied Physics Letters},
number = {2},
pages = {22509},
title = {{Graphene-protected iron layer on Ni(111)}},
url = {https://doi.org/10.1063/1.2953972},
volume = {93},
year = {2008}
}
@article{6,
author = {Bertoni, Giovanni and Calmels, Lionel and Altibelli, Anne and Serin, Virginie},
doi = {10.1103/PhysRevB.71.075402},
journal = {Phys. Rev. B},
number = {7},
pages = {75402},
publisher = {American Physical Society},
title = {{First-principles calculation of the electronic structure and EELS spectra at the graphene/Ni(111) interface}},
url = {https://link.aps.org/doi/10.1103/PhysRevB.71.075402},
volume = {71},
year = {2005}
}
@article{7,
author = {Mittendorfer, F and Garhofer, A and Redinger, J and {Klime$\backslash$ifmmode $\backslash$checks$\backslash$else {\v{s}}$\backslash$fi}, J and Harl, J and Kresse, G},
doi = {10.1103/PhysRevB.84.201401},
journal = {Phys. Rev. B},
number = {20},
pages = {201401},
publisher = {American Physical Society},
title = {{Graphene on Ni(111): Strong interaction and weak adsorption}},
url = {https://link.aps.org/doi/10.1103/PhysRevB.84.201401},
volume = {84},
year = {2011}
}
@article{10,
author = {Shikin, A M and Prudnikova, G V and Adamchuk, V K and Moresco, F and Rieder, K.-H.},
doi = {10.1103/PhysRevB.62.13202},
journal = {Phys. Rev. B},
number = {19},
pages = {13202--13208},
publisher = {American Physical Society},
title = {{Surface intercalation of gold underneath a graphite monolayer on Ni(111) studied by angle-resolved photoemission and high-resolution electron-energy-loss spectroscopy}},
url = {https://link.aps.org/doi/10.1103/PhysRevB.62.13202},
volume = {62},
year = {2000}
}
@article{1,
author = {Wallace, P R},
doi = {10.1103/PhysRev.72.258},
journal = {Phys. Rev.},
number = {3},
pages = {258},
publisher = {American Physical Society},
title = {{Erratum: The Band Theory of Graphite [Phys. Rev. 71, 622 (1947)]}},
url = {https://link.aps.org/doi/10.1103/PhysRev.72.258},
volume = {72},
year = {1947}
}
@article{22,
author = {Marchenko, D and Varykhalov, A and S{\'{a}}nchez-Barriga, J and Rader, O and Carbone, C and Bihlmayer, G},
doi = {10.1103/PhysRevB.91.235431},
journal = {Phys. Rev. B},
number = {23},
pages = {235431},
publisher = {American Physical Society},
title = {{Highly spin-polarized Dirac fermions at the graphene/Co interface}},
url = {https://link.aps.org/doi/10.1103/PhysRevB.91.235431},
volume = {91},
year = {2015}
}
@article{25,
author = {Hohenberg, P and Kohn, W},
doi = {10.1103/PhysRev.136.B864},
journal = {Phys. Rev.},
number = {3B},
pages = {B864----B871},
publisher = {American Physical Society},
title = {{Inhomogeneous Electron Gas}},
url = {https://link.aps.org/doi/10.1103/PhysRev.136.B864},
volume = {136},
year = {1964}
}
@article{12,
author = {Riedl, C and Coletti, C and Iwasaki, T and Zakharov, A A and Starke, U},
doi = {10.1103/PhysRevLett.103.246804},
journal = {Phys. Rev. Lett.},
number = {24},
pages = {246804},
publisher = {American Physical Society},
title = {{Quasi-Free-Standing Epitaxial Graphene on SiC Obtained by Hydrogen Intercalation}},
url = {https://link.aps.org/doi/10.1103/PhysRevLett.103.246804},
volume = {103},
year = {2009}
}
@article{3,
abstract = {Graphene on nickel is a prototypical example of an interface between graphene and a strongly interacting metal{\{},{\}} as well as a special case of a lattice matched system. The chemical interaction between graphene and nickel is due to hybridization of the metal d-electrons with the [small pi]-orbitals of graphene. This interaction causes a smaller separation between the nickel surface and graphene (0.21 nm) than the typical van der Waals gap-distance between graphitic layers (0.33 nm). Furthermore{\{},{\}} the physical properties of graphene are significantly altered. Main differences are the opening of a band gap in the electronic structure and a shifting of the [small pi]-band by [similar]2 eV below the Fermi-level. Experimental evidence suggests that the ferromagnetic nickel induces a magnetic moment in the carbon. Substrate induced geometric and electronic changes alter the phonon dispersion. As a consequence{\{},{\}} monolayer graphene on nickel does not exhibit a Raman spectrum. In addition to reviewing these fundamental physical properties of graphene on Ni(111){\{},{\}} we also discuss the formation and thermal stability of graphene and a surface-confined nickel-carbide. The fundamental growth mechanisms of graphene by chemical vapor deposition are also described. Different growth modes depending on the sample temperature have been identified in ultra high vacuum surface science studies. Finally{\{},{\}} we give a brief summary for the synthesis of more complex graphene and graphitic structures using nickel as catalyst and point out some potential applications for graphene-nickel interfaces.},
author = {Dahal, Arjun and Batzill, Matthias},
doi = {10.1039/C3NR05279F},
journal = {Nanoscale},
number = {5},
pages = {2548--2562},
publisher = {The Royal Society of Chemistry},
title = {{Graphene-nickel interfaces: a review}},
url = {http://dx.doi.org/10.1039/C3NR05279F},
volume = {6},
year = {2014}
}
@article{0957-4484-28-7-075701,
  author={Yuxi Zhang and Hanjie Zhang and Yiliang Cai and Junjie Song and Pimo He},
  title={The investigation of cobalt intercalation underneath epitaxial graphene on 6H-SiC(0 0 0 1)},
  journal={Nanotechnology},
  volume={28},
  number={7},
  pages={075701},
  url={http://stacks.iop.org/0957-4484/28/i=7/a=075701},
  year={2017},
  abstract={The intercalation behaviour of cobalt underneath both epitaxial graphene monolayer and bilayer on 6H-SiC(0001) have been investigated by scanning tunneling microscopy (STM) and density functional theory (DFT). Upon deposition, cobalt atoms prefer to agglomerate into clusters on the epitaxial graphene. After annealing the sample to 850 °C, the intercalation of the adsorbed cobalt atoms into both monolayer and bilayer epitaxial graphene on SiC takes place, as observed by the atomically resolved STM images. Further studies based on DFT modeling and simulated STM images show that, resulting from the interplay between the intercalated cobalt atoms and the carbon layers sandwiching it, the most energetically favourable intercalation sites of cobalt atoms underneath monolayer and bilayer graphene differ. Furthermore, the results show energy barriers of 0.60 eV and 0.41 eV for cobalt penetration through mono-vacancy defects at monolayer and bilayer graphene.}
}
	
@article{jop_lobanova,
author = {Lobanova, E and Pronin, I.},
year = {2019},
month = {11},
pages = {055047},
title = {Effect of iron intercalation on graphene/SiC electronic structure},
volume = {1400},
journal = {Journal of Physics: Conference Series},
doi = {10.1088/1742-6596/1400/5/055047}
}

@article{espresso,
author = {Andreussi, Oliviero and Brumme, Thomas and Bunau, Oana and Buongiorno Nardelli, Marco and Calandra, Matteo and Car, Roberto and Cavazzoni, Carlo and Ceresoli, Davide and Cococcioni, Matteo and Colonna, Nicola and Carnimeo, Ivan and Corso, Andrea and de Gironcoli, Stefano and Delugas, Pietro Davide and Distasio, Robert and Ferretti, Andrea and Floris, Andrea and Fratesi, Guido and Fugallo, Giorgia and Baroni, Stefano},
year = {2017},
month = {09},
pages = {},
title = {Advanced capabilities for materials modelling with Quantum ESPRESSO},
volume = {29},
journal = {Journal of Physics: Condensed Matter},
doi = {10.1088/1361-648X/aa8f79}
}

@article{graphenereview,
author = {Ferrari, Andrea and Bonaccorso, Francesco and Falko, Vladimir and Novoselov, Konstantin and Roche, Stephan and Bøggild, Peter and Borini, Stefano and Koppens, Frank and Palermo, Vincenzo and Pugno, Nicola and Garrido, José and Sordan, Roman and Bianco, Alberto and Ballerini, Laura and Prato, Maurizio and Lidorikis, Elefteris and Kivioja, Jani and Marinelli, Claudio and Ryhänen, Tapani and Kinaret, Jari},
year = {2014},
month = {09},
pages = {},
title = {Science and Technology Roadmap for Graphene, Related Two-Dimensional Crystals, and Hybrid Systems},
volume = {7},
journal = {Nanoscale},
doi = {10.1039/C4NR01600A}
}

@article{grebenyuk2019840,
title = "Formation of graphene-capped cobalt silicides",
journal = "Applied Surface Science",
volume = "470",
pages = "840 - 845",
year = "2019",
issn = "0169-4332",
doi = "https://doi.org/10.1016/j.apsusc.2018.11.198",
url = "http://www.sciencedirect.com/science/article/pii/S0169433218332768",
author = "G.S. Grebenyuk and S.M. Dunaevsky and E.Yu. Lobanova and D.A. Smirnov and I.I. Pronin",
keywords = "Graphene, Intercalation, Cobalt silicides, Photoelectron spectroscopy, DFT calculations, Thin films",
abstract = "Intercalation synthesis of graphene-capped cobalt silicides has been studied in situ by core-level photoelectron spectroscopy with synchrotron radiation and low-energy electron diffraction. It is found that at 400 °C the intercalation of graphene/Ni(1 1 1) with cobalt takes place in a wide range of coverage up to 17 ML Co. Graphene is strongly coupled with the upper layer of Co atoms and stabilizes the fcc structure of the intercalated Co(1 1 1) film. Subsequent intercalation of graphene/Co/Ni(1 1 1) with silicon results in the formation of an ordered Co3Si surface phase of the (√3 × √3)R30° structure and then of Co2Si silicide and Co-Si solid solution. Our experimental data and DFT calculations have shown that the coupling between the graphene layer and the surface silicide is rather weak and the properties of quasi-freestanding graphene are preserved."}

@article{LUO2020187,
title = "Charge-neutral epitaxial graphene on 6H–SiC(0001) via FeSi intercalation",
journal = "Carbon",
volume = "156",
pages = "187 - 193",
year = "2020",
issn = "0008-6223",
doi = "https://doi.org/10.1016/j.carbon.2019.09.061",
url = "http://www.sciencedirect.com/science/article/pii/S0008622319309698",
author = "Xingyun Luo and Guojun Liang and Xiucai Sun and Yanlu Li and Fapeng Yu and Lei Wei and Xiufeng Cheng and Li Sun and Xian Zhao",
abstract = "Graphene grown epitaxially on SiC(0001) substrates always exhibits n-type doping due to the coupling interaction between the substrate and graphene. The electronic properties of epitaxial graphene are thus impaired relative to those of free-standing graphene, limiting its potential in device applications. In this work, by using first-principles calculations, we show that charge neutrality can be achieved by growing an FeSi intercalation layer between the SiC substrate and the buffer carbon layer. The formation of an atomic Si layer between FeSi and the buffer carbon layer prevents electron transfer to the subsequent graphene layer. The subsequently grown graphene therefore displays the electronic characteristics of quasi-free-standing graphene with charge neutrality. The calculated surface energy of the FeSi-intercalated structure shows considerable stability compared to elemental Fe- and H-intercalated structures over a wide range of temperature and pressure. This will promote the practical application of FeSi-intercalated epitaxial graphene on SiC(0001) at high temperature as a core element of microelectronic devices."}

@Article{C3NR04178F,
author ={Sung, S. J. and Yang, J. W. and Lee, P. R. and Kim, J. G. and Ryu, M. T. and Park, H. M. and Lee, G. and Hwang, C. C. and Kim, Kwang. S. and Kim, J. S. and Chung, J. W.},
title  ={Spin-induced band modifications of graphene through intercalation of magnetic iron atoms},
journal  ={Nanoscale},
year  ={2014},
volume  ={6},
issue  ={7},
pages  ={3824-3829},
publisher  ={The Royal Society of Chemistry},
doi  ={10.1039/C3NR04178F},
url  ={http://dx.doi.org/10.1039/C3NR04178F},
}

@article{doi:10.1021/acs.jpcc.8b06789,
author = {Shen, Kongchao and Sun, Haoliang and Hu, Jinping and Hu, Jinbang and Liang, Zhaofeng and Li, Haiyang and Zhu, Zhiyuan and Huang, Yaobo and Kong, Lingyuan and Wang, Yu and Jiang, Zheng and Huang, Han and Wells, Justin W. and Song, Fei},
title = {Fabricating Quasi-Free-Standing Graphene on a SiC(0001) Surface by Steerable Intercalation of Iron},
journal = {The Journal of Physical Chemistry C},
volume = {122},
number = {37},
pages = {21484-21492},
year = {2018},
doi = {10.1021/acs.jpcc.8b06789},
URL = {https://doi.org/10.1021/acs.jpcc.8b06789},
eprint = {https://doi.org/10.1021/acs.jpcc.8b06789}
}

@article{PhysRevLett.109.206802,
  title = {Dirac Fermions in Strongly Bound Graphene Systems},
  author = {Li, Yuanchang and Chen, Pengcheng and Zhou, Gang and Li, Jia and Wu, Jian and Gu, Bing-Lin and Zhang, S. B. and Duan, Wenhui},
  journal = {Phys. Rev. Lett.},
  volume = {109},
  issue = {20},
  pages = {206802},
  numpages = {5},
  year = {2012},
  month = {Nov},
  publisher = {American Physical Society},
  doi = {10.1103/PhysRevLett.109.206802},
  url = {https://link.aps.org/doi/10.1103/PhysRevLett.109.206802}
}

@article{doi:10.1063/1.2166205,
author = {Wurmehl,Sabine  and Fecher,Gerhard H.  and Kandpal,Hem Chandra  and Ksenofontov,Vadim  and Felser,Claudia  and Lin,Hong-Ji },
title = {Investigation of Co2FeSi: The Heusler compound with highest Curie temperature and magnetic moment},
journal = {Applied Physics Letters},
volume = {88},
number = {3},
pages = {032503},
year = {2006},
doi = {10.1063/1.2166205},

URL = { 
        https://doi.org/10.1063/1.2166205
    
},
eprint = { 
        https://doi.org/10.1063/1.2166205
    
}

}

@article{doi:10.3938/jkps.60.1068,
author = {Kim, Miyoung and Lee, Jae Il},
title = {Surface and correlation effect on the half-metallicity of the Co2FeSi Heusler alloy},
journal = {Journal of the Korean Physical Society},
volume = {60},
number = {7},
pages = {1068 - 1071},
year = {2012},
}

